<?xml version="1.0" encoding="UTF-8"?><collection xmlns="http://www.loc.gov/MARC21/slim"><record><leader>00562nam--2200181-i-4500</leader><controlfield tag="001">000039072</controlfield><controlfield tag="002">20161230</controlfield><controlfield tag="005">20161230201042</controlfield><controlfield tag="008">060222s1000------------r-----000-0-fre-d</controlfield><datafield ind1=" " ind2=" " tag="040"><subfield code="a">IFIN-HH</subfield></datafield><datafield ind1=" " ind2=" " tag="041"><subfield code="a">fre</subfield></datafield><datafield ind1=" " ind2=" " tag="080"><subfield code="a">536.24:666.3/7</subfield></datafield><datafield ind1="1" ind2=" " tag="100"><subfield code="a">Ride, Claude</subfield></datafield><datafield ind1="1" ind2="0" tag="245"><subfield code="a">Etude des echanges thermiques au cours de la cuisson des produits ceramiques - application a la reduction des cycles de cuisson</subfield><subfield code="b">These</subfield><subfield code="c">Claude ride</subfield></datafield><datafield ind1=" " ind2=" " tag="260"><subfield code="a">Paris</subfield><subfield code="b">Faculte De Sciences</subfield><subfield code="c">1969</subfield></datafield><datafield ind1=" " ind2=" " tag="300"><subfield code="a">77 P. + ANNEXE</subfield></datafield><datafield ind1=" " ind2=" " tag="852"><subfield code="a">34375</subfield><subfield code="c">536</subfield></datafield><datafield ind1=" " ind2=" " tag="CAT"><subfield code="a">Sys</subfield><subfield code="c">20110509</subfield><subfield code="h">112506</subfield></datafield></record></collection>